@article{Elliott-2018-ad-extended,
  author  = {Conal Elliott},
  title   = {The simple essence of automatic differentiation (Extended version)},
  journal = {CoRR},
  mon     = mar,
  year    = {2018},
  volume  = {abs/1804.00746},
  url     = {https://arxiv.org/abs/1804.00746}
}
